
% $Id: paper.bib,v 1.2 2003/08/17 19:05:00 torstein Exp $

% books
@book
{
   rmb,
   author="Belbin",
   title="Management Teams - Why They Succeed or Fail",
   publisher="Butterworth Heinemann, London",
   year="1981"
}

@book
{
   rmb2,
   author="Belbin",
   title="Team Roles at Work",
   publisher="Butterworth Heinemann, Oxford",
   year="1993"
}

@book
{
   ahdb,
   author="{Huczynski \& Buchanan}",
   title="Organizational Behaviour",
   publisher="Prentice Hall",
   year="2001"
}

@book
{
   jhbm,
   author="{Hyman~\& Mason}",
   title="Managing Employee Involvement and Participation",
   publisher="Sage Publications",
   year="1995"
}

% book
% {
%    hb,
%    author="{Harry Braverman",
%    title="Labor and Monopoly Capital",
%    publisher="Monthly Review Press",
%    year="1974"
% }

@book
{
   mnpb,
   author="{Noon~\& Blyton}",
   title="The Realities of Work",
   publisher="Palgrave",
   year="2002"
}

@book
{
   sr,
   author="Robbins",
   title="Organizational Behavior",
   publisher="Prentice Hall",
   year="1998",
   address=""
}

@book
{
   rh,
   author="Hodgetts",
   title="Organizational Behaviour -- Theory and Practice",
   publisher="Merrill MacMillan",
   year="1991"
}

@book
{
   mcc, 
   author="{Makin, Cooper~\& Cox}",
   title="Managing People at Work",
   publisher="BPS Books",
   year="1989"
}

@book
{
   rw,
   author="{Rosenfeld~\& Wilson}",
   title="Managing Organizations",
   publisher="Mc Graw Hill",
   year="1999"
}

@book
{
   sf,
   author="Freud",
   title="Group Psychology and the Analysis of the Ego",
   publisher="Vintage",
   year="1921"
}

@book
{
   rb,
   author="Brown",
   title="Group Processes",
   publisher="Blackwell",
   year="2000"
}



@book
{
   vd,
   author="{Vroom~\& Deci}",
   title="Management and Motivation",
   publisher="Penguin Books",
   year="1970"
}


@book
{
   pa,
   author="Anthony",
   title="The Ideology of Work",
   publisher="Tavistock Publications",
   year="1977"
}

@book
{
   kg,
   author="Grint",
   title="The Sociology of Work",
   publisher="Polity Press",
   year="1991"
}

%%%%%%%%%%%%%%%%%%%%%%%%%%%%%%%%%%%%%%%%%%%%%%%%%%%%%%%%%%%%%%%%
% articles
%%%%%%%%%%%%%%%%%%%%%%%%%%%%%%%%%%%%%%%%%%%%%%%%%%%%%%%%%%%%%%%%

@article
{
   sbab,
   author="{Balderson~\& Broderick}",
   title="Behaviour in teams Behaviour in teams: exploring occupational and gender differences",
   journal="Journal of Managerial Psychology",
   year="1996",
   volume="11",
   number="5",
   pages="33-42"
}

@article
{
   rmb3,
   author="Belbin",
   title="{A reply to the Belbin team-role self-perception inventory by Furnham, Steele
   and Pendleton}",
   journal="Journal of Occupational~\& Organizational Psychology",
   year="1993",
   volume="66",
   number="3",
   pages="47-52"
}

@article
{
   wrc,
   author="Coradetti",
   title="{Teamwork takes time and a lot of energy}",
   journal="HR Magazine",
   year="1994",
   volume="39",
   number="6",
   pages="74-77"
}

@article
{
   afhsdp,
   author="{Furnham, Steele~\& Pendleton}",
   title="{A response to Dr Belbin's reply}",
   journal="Journal of Occupational~\& Organizational Psychology",
   year="1993",
   volume="66",
   number="3",
   pages="261"
}
%   pages="53-57"


@article
{
   rb2,
   author="Brown",
   title="Social Identity Theory: past achievements, current problems and future challenges",
   journal="European Journal of Social Psychology",
   year="2000",
   volume="30",
   number="1",
   pages="745-778"
}

@article
{
   jcscjb,
   author="{Chrispeels, Castillo~\& Brown}",
   title="{School Leadership Teams: A Process Model of Team Development}",
   journal="{School Effectiveness and School Improvement}",
   year="2000",
   volume="11",
   number="1",
   pages="20-56"
}

@article
{
   sfwm,
   author="{Fisher~\& Macrosson}",
   title="Early influences on management team roles",
   journal="Journal of Managerial Psychology",
   year="1995",
   volume="10",
   number="7",
   pages="8-15"
}

@article
{
   sfthwm,
   author="{Fisher, Hunter~\& Macrosson}",
   title="{The structure of Belbin's team roles}",
   journal="Journal of Occupational~\& Organizational Psychology",
   year="1998",
   volume="71",
   number="3",
   pages="283-289"
}

@article
{
   sfthwm2,
   author="{Fisher, Hunter~\& Macrosson}",
   title="{The distribution of Belbin team roles among UK managers}",
   journal="Personnel Review",
   year="2000",
   volume="29",
   number="2",
   pages="124-140"
}

@article
{
   sfthwm3,
   author="{Fisher, Hunter~\& Macrosson}",
   title="Belbin's team role theory: for non-managers also?",
   journal="Journal of Managerial Psychology",
   year="2002",
   volume="17",
   number="1",
   pages="14-20"
}

@article
{
   sfwmjs,
   author="{Fisher, Macrosson~\& Semple}",
   title="{Control and Belbin's team roles}",
   journal="Personnel Review",
   year="2001",
   volume="30",
   number="5",
   pages="578-588"
}

@article
{
   sfwmgs,
   author="{Fisher, Macrosson~\& Sharp}",
   title="{Further evidence concerning the Belbin Team role Self-perception Inventory}",
   journal="Personnel Review",
   year="1996",
   volume="25",
   number="2",
   pages="61-67"
}

@article
{
   sfwmjw,
   author="{Fisher, Macrosson~\& Wong}",
   title="Cognitive style and team role preference",
   journal="Journal of Managerial Psychology",
   year="1998",
   volume="13",
   number="8",
   pages="544-557"
}

@article
{
   af,
   author="Fowler",
   title="How to build effective teams",
   journal="People Management",
   year="1995",
   volume="1",
   number="4",
   pages="40-42"
}

@article
{
   kge,
   author="Gerrish",
   title="{Teamwork in primary care: an evaluation of the contribution of integrated nursing teams}",
   journal="Health and Social Care in the Community",
   year="1999",
   volume="7",
   number="5",
   pages="367-375"
}

@article
{
   jhjl,
   author="{Hallier~\& Leopold}",
   title="{Creating and replicating HRM on greenfield sites: rhetoric or reality?}",
   journal="Employee Relations",
   year="1996",
   volume="18",
   number="5",
   pages="46-65"
}

@article
{
   cspjsp,
   author="{Sprigg, Jackson~\& Parker}",
   title="{Production teamworking: The importance of interdependence and autonomy for employee strain and satisfaction}",
   journal="Human Relations",
   year="2000",
   volume="53",
   number="11",
   pages="1519-1543"
}

@article
{
   mcsarc,
   author="{Clark, Amundson~\& Cardy}",
   title="{Cross-Functional Team Decision-Making and Learning Outcomes: A Qualitative Illustration}",
   journal="Journal of Business and Management",
   year="2002",
   volume="8",
   number="3",
   pages="217-236"
}

@article
{
   lg,
   author="Glassop",
   title="The organizational benefits of teams",
   journal="Human Relations",
   year="2002",
   volume="55",
   number="2",
   pages="225-249"
}

@article
{
   cg,
   author="Glover",
   title="Variations on a team",
   journal="People Management",
   year="2002",
   volume="8",
   number="3",
   pages="36-39"
}

@article
{
   cg2,
   author="Glover",
   title="Theories of Evolution",
   journal="People Management",
   year="2002",
   volume="8",
   number="7",
   pages="40-42"
}

@article
{
   jhdi,
   author="{Hollenbeck, Ilgen, LePine, Colquitt~\& Hedlund}",
   title="{Extending the multilevel theory of team decision making: Effects of feedback and experience in hierarchical teams}",
   journal="Academy of Management Journal",
   year="1998",
   volume="41",
   number="3",
   pages="269-282"
}

@article
{
   wh,
   author="Howard",
   title="{Go, team!}",
   journal="Health Facilities Management",
   year="1997",
   volume="10",
   number="2",
   pages="14"
}

@article
{
   mm,
   author="Moody",
   title="{Father of the team}",
   journal="Director",
   year="1999",
   volume="52",
   number="6",
   pages="72"
}

@article
{
   fmspdb,
   author="{Mueller, Procter~\& Buchanan}",
   title="{Teamworking in its context(s): Antecedents, nature and dimensions}",
   journal="Human Relations",
   year="2000",
   volume="53",
   number="11",
   pages="1387-1424"
}

@article
{
   ysht,
   author="{Shi~\& Tang}",
   title="{Team role behaviour and task environment}",
   journal="Journal of Managerial Psychology",
   year="1997",
   volume="12",
   number="1/2",
   pages="85-94"
}

@article
{
   ksesdb,
   author="{Smith-Jentsch, Salas~\& Baker}",
   title="{Training team performance-related assertiveness}",
   journal="Personnel Psychology",
   year="1996",
   volume="49",
   number="4",
   pages="909-937"
}

@article
{
   shts,
   author="{Henry~\& Stevens}",
   title="{Using Belbin's leadership role to improve team e ectiveness: An empirical investigation}",
   journal="The Journal of Systems and Software",
   year="1999",
   volume="44",
   number="1",
   pages="241-250"
}

@article
{
   khka,
   author="{Hyrk\"{a}s~\& Appelqvist-Schmidlechner}",
   title="{Team supervision in multiprofessional teams: team members  descriptions of the effects as highlighted by group interviews}",
   journal="Journal of Clinical Nursing",
   year="2003",
   volume="12",
   number="1",
   pages="188-197"
}

@article
{
   dg,
   author="Ullman",
   title="{Team decisions}",
   journal="Mechanical Engineering,",
   year="2002",
   volume="124",
   number="3",
   pages="15-17"
}

@article
{
   ykbmjc,
   author="{Kim, Min and Cha}",
   title="{The roles of R\&D team leaders in Korea: a contingent approach}",
   journal="R~\&D Management",
   year="1999",
   volume="29",
   number="2",
   pages="153-165"
}

@article
{
   jljhdijcae,
   author="{LePine, Hollenbeck, Ilgen, Colquitt~\& Aleksander Ellis}",
   title="{Gender Composition, Situational Strength, and Team Decision-Making Accuracy: A Criterion Decomposition Approach}",
   journal="Organizational Behavior and Human Decision Processes",
   year="2002",
   volume="88",
   number="1",
   pages="445-475"
}

@article
{
   mhsh,
   author="{Hogg~\& Hains}",
   title="{Friendship and group identi®cation: a new look at the role of cohesiveness in groupthink}",
   journal="European Journal of Social Psychology",
   year="1998",
   volume="28",
   number="1",
   pages="323-341"
}

@article
{
   cj,
   author="Jackson",
   title="{Predicting team performance from a learning process model}",
   journal="Journal of Managerial Psychology",
   year="2002",
   volume="17",
   number="1",
   pages="6-13"
}

@article
{
   wmdh,
   author="{Macrosson~\& Hemphill}",
   title="Machiavellianism in Belbin team roles",
   journal="Journal of Managerial Psychology",
   year="2001",
   volume="16",
   number="5",
   pages="355-363"
}

@article
{
   amsr,
   author="{McClough~\& Rogelberg}",
   title="{Selection in Teams: An Exploration of the Teamwork Knowledge, Skills and Ability Test}",
   journal="International Journal of Selection and Assessment",
   year="2003",
   volume="11",
   number="1",
   pages="56-66"
}

@article
{
   nlrskk,
   author="{Leonard, Scholl~\& Kowalski}",
   title="{Information processing style and decision making}",
   journal="Journal of Organizational Behavior",
   year="1999",
   volume="20",
   number="1",
   pages="407-420"
}

@article
{
   nbpb,
   author="{Bacon~\& Blyton}",
   title="{High road and low road teamworking: Perceptions of management rationales and organizational and human resource outcomes}",
   journal="Human Relations",
   year="2000",
   volume="53",
   number="11",
   pages="1425-1458"
}

@article
{
   dphh,
   author="{Partington~\& Harris}",
   title="{Team role balance and team performance: an empirical study}",
   journal="The Journal of Management Development",
   year="1999",
   volume="18",
   number="8",
   pages="694-705"
}

@article
{
   pfamampt,
   author="{Findlay, McKinlay, Marks~\& Thompson}",
   title="{In search of perfect people: Teamwork and team players in the Scottish spirits industry}",
   journal="Human Relations",
   year="2000",
   volume="53",
   number="11",
   pages="1549-1574"
}

@article
{
   jpns,
   author="{Prichard~\& Stanton}",
   title="{Testing Belbin's team role theory of effective groups}",
   journal="The Journal of Management Development",
   year="1999",
   volume="18",
   number="8",
   pages="652-665"
}

@article
{
   rdjlno,
   author="{Delbridge, Lowe~\& Oliver}",
   title="{Shopfloor responsibilities under lean teamworking}",
   journal="Human Relations",
   year="2000",
   volume="53",
   number="11",
   pages="1459-1479"
}

@article
{
   escbjc,
   author="{Salas, Burke~\& Cannon-Bowers}",
   title="{Teamwork: emerging principles}",
   journal="International Journal of Management Reviews",
   year="2000",
   volume="2",
   number="4",
   pages="339-356"
}

@article
{
   bsss,
   author="{Senior~\& Swailes}",
   title="{A Comparison of the Belbin Self Perception Inventory and Observer's Assessment Sheet as Measures of an Individual's Team Roles}",
   journal="International Journal of Selection and Assessment",
   year="1998",
   volume="6",
   number="1",
   pages="1-8"
}

@article
{
   pseb,
   author="{Smith~\& Blanck}",
   title="From experience: leading dispersed teams",
   journal="The Journal of Product Innovation Management",
   year="2002",
   volume="19",
   number="1",
   pages="294-304"
}

@article
{
   jssd,
   author="{Sommerville~\& Dalziel}",
   title="{Project teambuilding the applicability of Belbin's team-role self-perception Inventory}",
   journal="International Journal of Project Management",
   year="1998",
   volume="16",
   number="3",
   pages="165-171"
}

@article
{
   jsjlofrj,
   author="{Stoker, Looise, Fisscher~\& de Jong}",
   title="{Leadership and innovation: relations between leadership, individual characteristics and the functioning of R\&D teams}",
   journal="International Journal of Human Resource Management",
   year="2001",
   volume="12",
   number="7",
   pages="1141-1151"
}

@article
{
   sstm,
   author="{Swailes~\& McIntyre-Bhatty}",
   title="{The ``Belbin" team role inventory: reinterpreting reliability estimates}",
   journal="Journal of Managerial Psychology",
   year="2002",
   volume="17",
   number="6",
   pages="529-536"
}

@article
{
   pthr,
   author="{Taylor~\& Ramsay}",
   title="{Unions, Partnership and HRM: Sleeping With the Enemy?}",
   journal="International Journal of Employment Studies",
   year="1998",
   volume="6",
   number="2",
   pages="115-143"
}

@article
{
   atks,
   author="{Townsend~\& Scott}",
   title="{Team Racial Composition, Member Attitutes, and Performance: A Field Study}",
   journal="Industrial Relations",
   year="2001",
   volume="40",
   number="2",
   pages="317-337"
}

@article
{
   vdap,
   author="{Druskat~\& Pescosolido}",
   title="{The content of effective teamwork mental models in self-managing teams: Ownership, learning and heedful interrelating}",
   journal="Human Relations",
   year="2002",
   volume="55",
   number="3",
   pages="283-314"
}

@article
{
   bwmg,
   author="{Watkins~\& Gibson-Sweet}",
   title="{Sailing with Belbin}",
   journal="Education + Training",
   year="1997",
   volume="39",
   number="3",
   pages="105-110"
}

@article
{
   rjsbjb,
   author="{de Jong, Bouhuys~\& Barnhoorn}",
   title="{Personality, Self-Efficacy and Functioning in Management Teams: A Contribution to Validation}",
   journal="International Journal of Selection and Assessment",
   year="1999",
   volume="7",
   number="1",
   pages="46-49"
}

@article
{
   dkdm,
   author="{Knights~\& McCabe}",
   title="{Bewitched, bothered and bewildered: The meaning and experience of teamworking for employees in an automobile company}",
   journal="Human Relations",
   year="2000",
   volume="53",
   number="11",
   pages="1481-1517"
}


@article
{
   fzje,
   author="{Zucchi~\& Edwards}",
   title="{How similar are human resource management practices in re-engineered organisations?}",
   journal="Business Process Management Journal",
   year="2000",
   volume="6",
   number="3",
   pages="214-223"
}

@article
{
   unkown,
   author="{unknown}",
   title="{Bad team decisions?}",
   journal="Getting Results...For the Hands-on Manager",
   year="1997",
   volume="42",
   number="9",
   pages="3"
}




%%%%%%%%%%%%%%%%%%%%%%%%%%%%%%%%%%%%%%%%%%%%%%%%%%%%%%%%%%%%%%%%
% in collection
%%%%%%%%%%%%%%%%%%%%%%%%%%%%%%%%%%%%%%%%%%%%%%%%%%%%%%%%%%%%%%%%

@incollection
{
   bprh,
   author="{Bob Park~\& Roger Harris}",
   title="{Roles and responsibilities of team leaders and members: a case study of the Australian automotive industry}",
   booktitle="Teamworking",
   pages="143-161",
   editor="{Stephen Procter~\& Frank Mueller}",
   publisher="Macmillan Press Ltd",
   year="2000"
}

